<?xml version="1.0" encoding="UTF-8"?><collection xmlns="http://www.loc.gov/MARC21/slim"><record><leader>00393nam--2200121-i-4500</leader><controlfield tag="001">000007008</controlfield><controlfield tag="002">20161230</controlfield><controlfield tag="005">20161230201027</controlfield><controlfield tag="008">060222s1000------------r-----000-0-eng-d</controlfield><datafield ind1=" " ind2=" " tag="245"><subfield code="a">Actes de la conference sur les methodes de preparation et de conservation des molecules marquees, bruxelles, 13-16 novembre 1963</subfield></datafield><datafield ind1=" " ind2=" " tag="260"><subfield code="a">Bruxelles, Euratom, 1964 Xxiii + 1359 P</subfield></datafield><datafield ind1=" " ind2=" " tag="490"><subfield code="a">1625</subfield></datafield><datafield ind1=" " ind2=" " tag="852"><subfield code="a">18716</subfield></datafield></record></collection>